@book{pvs,
  author    = {S. Owre and J. M. Rushby and N. Shankar},
  title     = {PVS System Guide},
  year      = {1999},
  publisher = {SRI International}
}

@article{paper,
  author    = {S. Poreda},
  title     = {Wykorzystanie metod formalnych do specyfikacji struktur wskaźnikowych},
  journal   = {Uniwersytet Warszawski},
  year      = {2023}
}

@misc{spin_needham_schroeder,
  author       = {Sławomir Lasota},
  title        = {Weryfikacja protokołu Needhama-Schroedera przy użyciu narzędzi {SPIN} i {UPPAAL}},
  institution  = {Wydział Matematyki, Informatyki i Mechaniki, Uniwersytet Warszawski},
  url          = {https://www.mimuw.edu.pl/~sl/teaching/03_04/WPKWK/PREZENTACJE-SPIN_UPPAAL/NS/}
}

@phdthesis{wojnicki2019weryfikacja,
  author  = {Wojnicki, Igor},
  title   = {Weryfikacja własności systemów współbieżnych z użyciem metod formalnych},
  school  = {Akademia Górniczo-Hutnicza im. Stanisława Staszica w Krakowie},
  year    = {2019},
  url     = {https://winntbg.bg.agh.edu.pl/rozprawy2/10463/full10463.pdf},
  note    = {Praca doktorska}
}